<record><leader>01187cam a2200337 a 4500</leader><controlfield tag="001">1336681</controlfield><controlfield tag="008">901119s1985    txu               0 eng c</controlfield><datafield ind1=" " ind2=" " tag="022"><subfield code="a">0885-7512</subfield></datafield><datafield ind1=" " ind2=" " tag="035"><subfield code="a">ocm70307136</subfield></datafield><datafield ind1=" " ind2=" " tag="040"><subfield code="b">eng</subfield></datafield><datafield ind1=" " ind2=" " tag="043"><subfield code="a">e-sp---</subfield></datafield><datafield ind1=" " ind2=" " tag="049"><subfield code="a">AEU</subfield><subfield code="b">eng</subfield></datafield><datafield ind1=" " ind2="3" tag="055"><subfield code="a">PN 1009</subfield><subfield code="b">H673 1985</subfield></datafield><datafield ind1="0" ind2=" " tag="090"><subfield code="a">PN 1009 H673 1985</subfield></datafield><datafield ind1="0" ind2="0" tag="245"><subfield code="a">Hispanic children's literature /</subfield><subfield code="c">[Janet P&#233;rez, Genaro J. P&#233;rez].</subfield></datafield><datafield ind1=" " ind2=" " tag="260"><subfield code="a">Odessa, Tex. :</subfield><subfield code="b">Monographic Review,</subfield><subfield code="c">1985.</subfield></datafield><datafield ind1=" " ind2=" " tag="300"><subfield code="a">110 p. ;</subfield><subfield code="c">22 cm.</subfield></datafield><datafield ind1=" " ind2=" " tag="336"><subfield code="a">text</subfield><subfield code="b">txt</subfield><subfield code="2">rdacontent</subfield></datafield><datafield ind1=" " ind2=" " tag="337"><subfield code="a">unmediated</subfield><subfield code="b">n</subfield><subfield code="2">rdamedia</subfield></datafield><datafield ind1=" " ind2=" " tag="338"><subfield code="a">volume</subfield><subfield code="b">nc</subfield><subfield code="2">rdacarrier</subfield></datafield><datafield ind1="1" ind2=" " tag="490"><subfield code="a">Monographic review.</subfield><subfield code="v">1</subfield></datafield><datafield ind1=" " ind2=" " tag="500"><subfield code="a">Cover title.</subfield></datafield><datafield ind1=" " ind2=" " tag="596"><subfield code="a">43</subfield></datafield><datafield ind1=" " ind2="0" tag="650"><subfield code="a">Children's literature, Spanish</subfield><subfield code="z">Spain</subfield><subfield code="x">History and criticism.</subfield></datafield><datafield ind1=" " ind2="0" tag="650"><subfield code="a">Children's literature, Spanish</subfield><subfield code="z">Spain</subfield><subfield code="v">Bibliography.</subfield></datafield><datafield ind1=" " ind2="0" tag="650"><subfield code="a">Children's literature, Spanish</subfield><subfield code="x">History and criticism.</subfield></datafield><datafield ind1=" " ind2="0" tag="650"><subfield code="a">Children's literature, Spanish</subfield><subfield code="v">Bibliography.</subfield></datafield><datafield ind1="1" ind2=" " tag="700"><subfield code="a">P&#233;rez, Janet.</subfield></datafield><datafield ind1="1" ind2=" " tag="700"><subfield code="a">P&#233;rez, Genaro J.</subfield></datafield><datafield ind1=" " ind2="0" tag="830"><subfield code="a">Monographic review. ;</subfield><subfield code="v">1.</subfield></datafield><datafield ind1=" " ind2=" " tag="926"><subfield code="a">PN 1009 H673 1985</subfield><subfield code="w">LC</subfield><subfield code="c">1</subfield><subfield code="i">000034955195</subfield><subfield code="d">3/10/2008</subfield><subfield code="e">3/7/2008</subfield><subfield code="l">ON_SHELF</subfield><subfield code="m">UAHSS</subfield><subfield code="n">5</subfield><subfield code="p">$150.00</subfield><subfield code="r">Y</subfield><subfield code="s">Y</subfield><subfield code="t">BOOK</subfield><subfield code="u">11/21/1990</subfield></datafield></record>